@article{vlasic2005face,
  title={Face transfer with multilinear models},
  author={Vlasic, Daniel and Brand, Matthew and Pfister, Hanspeter and Popovi{\'c}, Jovan},
  journal={ACM transactions on graphics (TOG)},
  volume={24},
  number={3},
  pages={426--433},
  year={2005},
  publisher={ACM}
}
@article{gerig2017morphable,
  title={Morphable face models-an open framework},
  author={Gerig, Thomas and Morel-Forster, Andreas and Blumer, Clemens and Egger, Bernhard and L{\"u}thi, Marcel and Sch{\"o}nborn, Sandro and Vetter, Thomas},
  journal={arXiv preprint arXiv:1709.08398},
  year={2017}
}
@article{yang2011expression,
  title={Expression flow for 3D-aware face component transfer},
  author={Yang, Fei and Wang, Jue and Shechtman, Eli and Bourdev, Lubomir and Metaxas, Dimitri},
  journal={ACM Transactions on Graphics (TOG)},
  volume={30},
  number={4},
  pages={60},
  year={2011},
  publisher={ACM}
}
@inproceedings{sorkine2004laplacian,
  title={Laplacian surface editing},
  author={Sorkine, Olga and Cohen-Or, Daniel and Lipman, Yaron and Alexa, Marc and R{\"o}ssl, Christian and Seidel, H-P},
  booktitle={Proceedings of the 2004 Eurographics/ACM SIGGRAPH symposium on Geometry processing},
  pages={175--184},
  year={2004},
  organization={ACM}
}
@article{perez2003poisson,
  title={Poisson image editing},
  author={P{\'e}rez, Patrick and Gangnet, Michel and Blake, Andrew},
  journal={ACM Transactions on graphics (TOG)},
  volume={22},
  number={3},
  pages={313--318},
  year={2003},
  publisher={ACM}
}
@article{boykov2004experimental,
  title={An experimental comparison of min-cut/max-flow algorithms for energy minimization in vision},
  author={Boykov, Yuri and Kolmogorov, Vladimir},
  journal={IEEE transactions on pattern analysis and machine intelligence},
  volume={26},
  number={9},
  pages={1124--1137},
  year={2004},
  publisher={IEEE}
}
@article{igarashi2005rigid,
  title={As-rigid-as-possible shape manipulation},
  author={Igarashi, Takeo and Moscovich, Tomer and Hughes, John F},
  journal={ACM transactions on Graphics (TOG)},
  volume={24},
  number={3},
  pages={1134--1141},
  year={2005},
  publisher={ACM}
}
@article{dementhon1995model,
  title={Model-based object pose in 25 lines of code},
  author={Dementhon, Daniel F and Davis, Larry S},
  journal={International journal of computer vision},
  volume={15},
  number={1-2},
  pages={123--141},
  year={1995},
  publisher={Springer}
}
@article{agarwala2004interactive,
  title={Interactive digital photomontage},
  author={Agarwala, Aseem and Dontcheva, Mira and Agrawala, Maneesh and Drucker, Steven and Colburn, Alex and Curless, Brian and Salesin, David and Cohen, Michael},
  journal={ACM Transactions on Graphics (ToG)},
  volume={23},
  number={3},
  pages={294--302},
  year={2004},
  publisher={ACM}
}